<record><leader>00000cas a22000007a 4500</leader><controlfield tag="001">11620215</controlfield><controlfield tag="008">850125d1uuu198unjudn ne      0   a0eng d</controlfield><datafield ind1=" " ind2=" " tag="010"><subfield code="a">sn 85000347 </subfield></datafield><datafield ind1=" " ind2=" " tag="040"><subfield code="a">NSD</subfield><subfield code="b">eng</subfield><subfield code="c">NSD</subfield><subfield code="d">OCLCQ</subfield></datafield><datafield ind1=" " ind2=" " tag="012"><subfield code="j">0</subfield><subfield code="m">d</subfield></datafield><datafield ind1="1" ind2=" " tag="022"><subfield code="a">8750-6491</subfield><subfield code="l">8750-6491</subfield><subfield code="2">1</subfield></datafield><datafield ind1=" " ind2=" " tag="037"><subfield code="b">Red Bank Register, Register Plaza, Shrewsbury, NJ 07701</subfield></datafield><datafield ind1=" " ind2=" " tag="042"><subfield code="a">nsdp</subfield></datafield><datafield ind1="0" ind2=" " tag="130"><subfield code="a">Daily register (Shrewsbury, N.J.)</subfield></datafield><datafield ind1=" " ind2="4" tag="222"><subfield code="a">The Daily register</subfield><subfield code="b">(Shrewsbury, N.J.)</subfield></datafield><datafield ind1="1" ind2="4" tag="245"><subfield code="a">The Daily register.</subfield></datafield><datafield ind1=" " ind2=" " tag="260"><subfield code="a">Shrewsbury, N.J. :</subfield><subfield code="b">Red Bank Register</subfield></datafield><datafield ind1=" " ind2=" " tag="300"><subfield code="a">v.</subfield></datafield><datafield ind1=" " ind2=" " tag="310"><subfield code="a">Daily (except Saturday, Sunday &amp; holidays)</subfield></datafield><datafield ind1=" " ind2=" " tag="588"><subfield code="a">Description based on: Vol. 107, no. 104 (Monday, Oct. 29, 1984).</subfield></datafield><datafield ind1=" " ind2=" " tag="752"><subfield code="a">United States</subfield><subfield code="b">New Jersey</subfield><subfield code="c">Monmouth</subfield><subfield code="d">Shrewsbury.</subfield></datafield><datafield ind1="0" ind2="0" tag="785"><subfield code="t">Register (Shrewsbury, N.J.)</subfield><subfield code="x">0884-4704</subfield><subfield code="w">(OCoLC)12383583</subfield></datafield><datafield ind1=" " ind2=" " tag="936"><subfield code="a">Oct. 29, 1984</subfield></datafield></record>